@Misc{wiki_rdtsc,
  author =	 "",
  title =	 "RDTSC(Wikipedia)",
  howpublished = "{\url{http://en.wikipedia.org/wiki/RDTSC}}",
  year =	 "2008",
  month =	 sep
}
@Misc{sched_affinity,
  author =	 "",
  title =	 "sched\_setaffinity man page",
  howpublished = "{\url{http://linux.die.net/man/2/sched\_setaffinity}}",
  year =	 "2008",
  month =	 sep
}

@Misc{posix_fadvice,
  author =	 "",
  title =	 "posix\_fadvise man page",
  howpublished = "{\url{http://linux.die.net/man/2/posix\_fadvise}}",
  year =	 "2008",
  month =	 sep
}

@Misc{dynamic_fcache,
  author =	 "",
  title =	 "Linux Buffer Cache",
  howpublished = "{\url{http://www.faqs.org/docs/linux\_admin/buffer-cache.html}}",
  year =	 "2008",
  month =	 sep
}

@Misc{ext2_loi,
  author =	 "",
  title =	 "EXT2(Wikipedia)",
  howpublished = "{\url{http://en.wikipedia.org/wiki/Ext2}}",
  year =	 "2008",
  month =	 sep
}

@Misc{drop_cache,
  author =	 "",
  title =	 "/proc file system documentation",
  howpublished = "{\url{http://www.linuxinsight.com/proc\_sys\_vm\_drop\_caches.html}}",
  year =	 "2008",
  month =	 sep
}
